<?xml version="1.0" encoding="UTF-8"?><record xmlns="http://www.loc.gov/MARC21/slim" xmlns:cinclude="http://apache.org/cocoon/include/1.0" xmlns:zs="http://www.loc.gov/zing/srw/">
  <leader>00590cz  a2200145n  4500</leader>
  <controlfield tag="001">n  00012941 </controlfield>
  <controlfield tag="003">DLC</controlfield>
  <controlfield tag="005">20000615150114.0</controlfield>
  <controlfield tag="008">000615n| acannaabn          |a aaa      </controlfield>
  <datafield tag="010" ind1=" " ind2=" ">
    <subfield code="a">n  00012941 </subfield>
  </datafield>
  <datafield tag="040" ind1=" " ind2=" ">
    <subfield code="a">DLC</subfield>
    <subfield code="b">eng</subfield>
    <subfield code="c">DLC</subfield>
  </datafield>
  <datafield tag="100" ind1="1" ind2=" ">
    <subfield code="a">García Fuertes, J. Ma.</subfield>
    <subfield code="q">(José María)</subfield>
  </datafield>
  <datafield tag="400" ind1="1" ind2=" ">
    <subfield code="a">García Fuertes, José María</subfield>
  </datafield>
  <datafield tag="400" ind1="1" ind2=" ">
    <subfield code="a">Fuertes, J. Ma. García</subfield>
    <subfield code="q">(José María García)</subfield>
  </datafield>
  <datafield tag="670" ind1=" " ind2=" ">
    <subfield code="a">García Fuertes, J. Ma. L'arquitectura del poblat ibèric de la punta d'Orlell, la Vall d'Uixó, Castelló, 1998:</subfield>
    <subfield code="b">t.p. (J. Ma. García Fuertes) cover (José María García Fuertes)</subfield>
  </datafield>
</record>